%YAML 1.1
%TAG !u! tag:unity3d.com,2011:
--- !u!1 &2880691503491742505
GameObject:
  m_ObjectHideFlags: 0
  m_CorrespondingSourceObject: {fileID: 0}
  m_PrefabInstance: {fileID: 0}
  m_PrefabAsset: {fileID: 0}
  serializedVersion: 6
  m_Component:
  - component: {fileID: 8592201974989466124}
  - component: {fileID: 5191241983049400335}
  - component: {fileID: 6663047308905762801}
  - component: {fileID: 2521683108002815926}
  m_Layer: 0
  m_Name: L3_Corner_L_02
  m_TagString: Untagged
  m_Icon: {fileID: 0}
  m_NavMeshLayer: 0
  m_StaticEditorFlags: 0
  m_IsActive: 1
--- !u!4 &8592201974989466124
Transform:
  m_ObjectHideFlags: 0
  m_CorrespondingSourceObject: {fileID: 0}
  m_PrefabInstance: {fileID: 0}
  m_PrefabAsset: {fileID: 0}
  m_GameObject: {fileID: 2880691503491742505}
  m_LocalRotation: {x: 0, y: 0, z: 0, w: 1}
  m_LocalPosition: {x: 0, y: 0, z: 0}
  m_LocalScale: {x: 1, y: 1, z: 1}
  m_Children:
  - {fileID: 1695767499698383538}
  m_Father: {fileID: 0}
  m_RootOrder: 0
  m_LocalEulerAnglesHint: {x: 0, y: 0, z: 0}
--- !u!33 &5191241983049400335
MeshFilter:
  m_ObjectHideFlags: 0
  m_CorrespondingSourceObject: {fileID: 0}
  m_PrefabInstance: {fileID: 0}
  m_PrefabAsset: {fileID: 0}
  m_GameObject: {fileID: 2880691503491742505}
  m_Mesh: {fileID: 4300018, guid: 385a83d4671688146854d778bbbd7519, type: 3}
--- !u!23 &6663047308905762801
MeshRenderer:
  m_ObjectHideFlags: 0
  m_CorrespondingSourceObject: {fileID: 0}
  m_PrefabInstance: {fileID: 0}
  m_PrefabAsset: {fileID: 0}
  m_GameObject: {fileID: 2880691503491742505}
  m_Enabled: 1
  m_CastShadows: 0
  m_ReceiveShadows: 0
  m_DynamicOccludee: 1
  m_MotionVectors: 1
  m_LightProbeUsage: 1
  m_ReflectionProbeUsage: 1
  m_RenderingLayerMask: 1
  m_RendererPriority: 0
  m_Materials:
  - {fileID: 2100000, guid: d8b31151adebcd749b659f347a51c341, type: 2}
  - {fileID: 2100000, guid: 9fdd3b5c47f164440997ff2a35cca3d5, type: 2}
  m_StaticBatchInfo:
    firstSubMesh: 0
    subMeshCount: 0
  m_StaticBatchRoot: {fileID: 0}
  m_ProbeAnchor: {fileID: 0}
  m_LightProbeVolumeOverride: {fileID: 0}
  m_ScaleInLightmap: 1
  m_PreserveUVs: 0
  m_IgnoreNormalsForChartDetection: 0
  m_ImportantGI: 0
  m_StitchLightmapSeams: 0
  m_SelectedEditorRenderState: 3
  m_MinimumChartSize: 4
  m_AutoUVMaxDistance: 0.5
  m_AutoUVMaxAngle: 89
  m_LightmapParameters: {fileID: 0}
  m_SortingLayerID: 0
  m_SortingLayer: 0
  m_SortingOrder: 0
--- !u!64 &2521683108002815926
MeshCollider:
  m_ObjectHideFlags: 0
  m_CorrespondingSourceObject: {fileID: 0}
  m_PrefabInstance: {fileID: 0}
  m_PrefabAsset: {fileID: 0}
  m_GameObject: {fileID: 2880691503491742505}
  m_Material: {fileID: 0}
  m_IsTrigger: 0
  m_Enabled: 1
  serializedVersion: 3
  m_Convex: 0
  m_CookingOptions: 14
  m_Mesh: {fileID: 4300018, guid: 385a83d4671688146854d778bbbd7519, type: 3}
--- !u!1001 &6968530571563925694
PrefabInstance:
  m_ObjectHideFlags: 0
  serializedVersion: 2
  m_Modification:
    m_TransformParent: {fileID: 8592201974989466124}
    m_Modifications:
    - target: {fileID: 2880691503491742505, guid: 0f6ec0fd94b835c47972018f016d3018,
        type: 3}
      propertyPath: m_Name
      value: Prop_Plant_01
      objectReference: {fileID: 0}
    - target: {fileID: 8592201974989466124, guid: 0f6ec0fd94b835c47972018f016d3018,
        type: 3}
      propertyPath: m_LocalPosition.x
      value: 1.787
      objectReference: {fileID: 0}
    - target: {fileID: 8592201974989466124, guid: 0f6ec0fd94b835c47972018f016d3018,
        type: 3}
      propertyPath: m_LocalPosition.y
      value: 0.00000042111148
      objectReference: {fileID: 0}
    - target: {fileID: 8592201974989466124, guid: 0f6ec0fd94b835c47972018f016d3018,
        type: 3}
      propertyPath: m_LocalPosition.z
      value: -1.863
      objectReference: {fileID: 0}
    - target: {fileID: 8592201974989466124, guid: 0f6ec0fd94b835c47972018f016d3018,
        type: 3}
      propertyPath: m_LocalRotation.x
      value: -0
      objectReference: {fileID: 0}
    - target: {fileID: 8592201974989466124, guid: 0f6ec0fd94b835c47972018f016d3018,
        type: 3}
      propertyPath: m_LocalRotation.y
      value: 0.9257072
      objectReference: {fileID: 0}
    - target: {fileID: 8592201974989466124, guid: 0f6ec0fd94b835c47972018f016d3018,
        type: 3}
      propertyPath: m_LocalRotation.z
      value: -0
      objectReference: {fileID: 0}
    - target: {fileID: 8592201974989466124, guid: 0f6ec0fd94b835c47972018f016d3018,
        type: 3}
      propertyPath: m_LocalRotation.w
      value: -0.37824085
      objectReference: {fileID: 0}
    - target: {fileID: 8592201974989466124, guid: 0f6ec0fd94b835c47972018f016d3018,
        type: 3}
      propertyPath: m_RootOrder
      value: 0
      objectReference: {fileID: 0}
    - target: {fileID: 8592201974989466124, guid: 0f6ec0fd94b835c47972018f016d3018,
        type: 3}
      propertyPath: m_LocalEulerAnglesHint.x
      value: 0
      objectReference: {fileID: 0}
    - target: {fileID: 8592201974989466124, guid: 0f6ec0fd94b835c47972018f016d3018,
        type: 3}
      propertyPath: m_LocalEulerAnglesHint.y
      value: 224.44899
      objectReference: {fileID: 0}
    - target: {fileID: 8592201974989466124, guid: 0f6ec0fd94b835c47972018f016d3018,
        type: 3}
      propertyPath: m_LocalEulerAnglesHint.z
      value: 0
      objectReference: {fileID: 0}
    m_RemovedComponents: []
  m_SourcePrefab: {fileID: 100100000, guid: 0f6ec0fd94b835c47972018f016d3018, type: 3}
--- !u!4 &1695767499698383538 stripped
Transform:
  m_CorrespondingSourceObject: {fileID: 8592201974989466124, guid: 0f6ec0fd94b835c47972018f016d3018,
    type: 3}
  m_PrefabInstance: {fileID: 6968530571563925694}
  m_PrefabAsset: {fileID: 0}
