%YAML 1.1
%TAG !u! tag:unity3d.com,2011:
--- !u!1 &1601396563
GameObject:
  m_ObjectHideFlags: 0
  m_CorrespondingSourceObject: {fileID: 0}
  m_PrefabInstance: {fileID: 0}
  m_PrefabAsset: {fileID: 0}
  serializedVersion: 6
  m_Component:
  - component: {fileID: 1601396568}
  - component: {fileID: 1601396567}
  - component: {fileID: 1601396566}
  - component: {fileID: 1601396564}
  m_Layer: 0
  m_Name: L2_Room_End
  m_TagString: Untagged
  m_Icon: {fileID: 0}
  m_NavMeshLayer: 0
  m_StaticEditorFlags: 0
  m_IsActive: 1
--- !u!4 &1601396568
Transform:
  m_ObjectHideFlags: 0
  m_CorrespondingSourceObject: {fileID: 0}
  m_PrefabInstance: {fileID: 0}
  m_PrefabAsset: {fileID: 0}
  m_GameObject: {fileID: 1601396563}
  m_LocalRotation: {x: 0, y: 0, z: 0, w: 1}
  m_LocalPosition: {x: 0, y: 0, z: 0}
  m_LocalScale: {x: 1, y: 1, z: 1}
  m_Children:
  - {fileID: 1018580045796923542}
  - {fileID: 166362438710166303}
  - {fileID: 973900546466239193}
  - {fileID: 4301676581237791702}
  m_Father: {fileID: 0}
  m_RootOrder: 0
  m_LocalEulerAnglesHint: {x: 0, y: 0, z: 0}
--- !u!33 &1601396567
MeshFilter:
  m_ObjectHideFlags: 0
  m_CorrespondingSourceObject: {fileID: 0}
  m_PrefabInstance: {fileID: 0}
  m_PrefabAsset: {fileID: 0}
  m_GameObject: {fileID: 1601396563}
  m_Mesh: {fileID: 4300030, guid: 385a83d4671688146854d778bbbd7519, type: 3}
--- !u!23 &1601396566
MeshRenderer:
  m_ObjectHideFlags: 0
  m_CorrespondingSourceObject: {fileID: 0}
  m_PrefabInstance: {fileID: 0}
  m_PrefabAsset: {fileID: 0}
  m_GameObject: {fileID: 1601396563}
  m_Enabled: 1
  m_CastShadows: 1
  m_ReceiveShadows: 1
  m_DynamicOccludee: 1
  m_MotionVectors: 1
  m_LightProbeUsage: 1
  m_ReflectionProbeUsage: 1
  m_RenderingLayerMask: 1
  m_RendererPriority: 0
  m_Materials:
  - {fileID: 2100000, guid: 2ef56f6b4d126af4e8f0f70ca3cad37a, type: 2}
  m_StaticBatchInfo:
    firstSubMesh: 0
    subMeshCount: 0
  m_StaticBatchRoot: {fileID: 0}
  m_ProbeAnchor: {fileID: 0}
  m_LightProbeVolumeOverride: {fileID: 0}
  m_ScaleInLightmap: 1
  m_PreserveUVs: 0
  m_IgnoreNormalsForChartDetection: 0
  m_ImportantGI: 0
  m_StitchLightmapSeams: 0
  m_SelectedEditorRenderState: 3
  m_MinimumChartSize: 4
  m_AutoUVMaxDistance: 0.5
  m_AutoUVMaxAngle: 89
  m_LightmapParameters: {fileID: 0}
  m_SortingLayerID: 0
  m_SortingLayer: 0
  m_SortingOrder: 0
--- !u!114 &1601396564
MonoBehaviour:
  m_ObjectHideFlags: 0
  m_CorrespondingSourceObject: {fileID: 0}
  m_PrefabInstance: {fileID: 0}
  m_PrefabAsset: {fileID: 0}
  m_GameObject: {fileID: 1601396563}
  m_Enabled: 1
  m_EditorHideFlags: 0
  m_Script: {fileID: 11500000, guid: f463f844c507e5f4b98ffe9c9a49d791, type: 3}
  m_Name: 
  m_EditorClassIdentifier: 
  familiarity: 0
  FloorMaterial: {fileID: 0}
  WallMaterial: {fileID: 0}
--- !u!1001 &6026025730897746050
PrefabInstance:
  m_ObjectHideFlags: 0
  serializedVersion: 2
  m_Modification:
    m_TransformParent: {fileID: 1601396568}
    m_Modifications:
    - target: {fileID: 7499089824545866571, guid: 707f7b070f4396d46aa4b32b45b25708,
        type: 3}
      propertyPath: m_Name
      value: Slot_01
      objectReference: {fileID: 0}
    - target: {fileID: 7499089824545866580, guid: 707f7b070f4396d46aa4b32b45b25708,
        type: 3}
      propertyPath: m_LocalPosition.x
      value: -5
      objectReference: {fileID: 0}
    - target: {fileID: 7499089824545866580, guid: 707f7b070f4396d46aa4b32b45b25708,
        type: 3}
      propertyPath: m_LocalPosition.y
      value: 0
      objectReference: {fileID: 0}
    - target: {fileID: 7499089824545866580, guid: 707f7b070f4396d46aa4b32b45b25708,
        type: 3}
      propertyPath: m_LocalPosition.z
      value: -5
      objectReference: {fileID: 0}
    - target: {fileID: 7499089824545866580, guid: 707f7b070f4396d46aa4b32b45b25708,
        type: 3}
      propertyPath: m_LocalRotation.x
      value: 0
      objectReference: {fileID: 0}
    - target: {fileID: 7499089824545866580, guid: 707f7b070f4396d46aa4b32b45b25708,
        type: 3}
      propertyPath: m_LocalRotation.y
      value: -0.7071068
      objectReference: {fileID: 0}
    - target: {fileID: 7499089824545866580, guid: 707f7b070f4396d46aa4b32b45b25708,
        type: 3}
      propertyPath: m_LocalRotation.z
      value: 0
      objectReference: {fileID: 0}
    - target: {fileID: 7499089824545866580, guid: 707f7b070f4396d46aa4b32b45b25708,
        type: 3}
      propertyPath: m_LocalRotation.w
      value: 0.7071068
      objectReference: {fileID: 0}
    - target: {fileID: 7499089824545866580, guid: 707f7b070f4396d46aa4b32b45b25708,
        type: 3}
      propertyPath: m_RootOrder
      value: 3
      objectReference: {fileID: 0}
    - target: {fileID: 7499089824545866580, guid: 707f7b070f4396d46aa4b32b45b25708,
        type: 3}
      propertyPath: m_LocalEulerAnglesHint.x
      value: 0
      objectReference: {fileID: 0}
    - target: {fileID: 7499089824545866580, guid: 707f7b070f4396d46aa4b32b45b25708,
        type: 3}
      propertyPath: m_LocalEulerAnglesHint.y
      value: -90
      objectReference: {fileID: 0}
    - target: {fileID: 7499089824545866580, guid: 707f7b070f4396d46aa4b32b45b25708,
        type: 3}
      propertyPath: m_LocalEulerAnglesHint.z
      value: 0
      objectReference: {fileID: 0}
    m_RemovedComponents: []
  m_SourcePrefab: {fileID: 100100000, guid: 707f7b070f4396d46aa4b32b45b25708, type: 3}
--- !u!4 &4301676581237791702 stripped
Transform:
  m_CorrespondingSourceObject: {fileID: 7499089824545866580, guid: 707f7b070f4396d46aa4b32b45b25708,
    type: 3}
  m_PrefabInstance: {fileID: 6026025730897746050}
  m_PrefabAsset: {fileID: 0}
--- !u!1001 &7318880551948013965
PrefabInstance:
  m_ObjectHideFlags: 0
  serializedVersion: 2
  m_Modification:
    m_TransformParent: {fileID: 1601396568}
    m_Modifications:
    - target: {fileID: 7499089824545866571, guid: 92812ac54aa394e43874960f262e7d97,
        type: 3}
      propertyPath: m_Name
      value: Slot_00 (3)
      objectReference: {fileID: 0}
    - target: {fileID: 7499089824545866580, guid: 92812ac54aa394e43874960f262e7d97,
        type: 3}
      propertyPath: m_LocalPosition.x
      value: 5
      objectReference: {fileID: 0}
    - target: {fileID: 7499089824545866580, guid: 92812ac54aa394e43874960f262e7d97,
        type: 3}
      propertyPath: m_LocalPosition.y
      value: 0
      objectReference: {fileID: 0}
    - target: {fileID: 7499089824545866580, guid: 92812ac54aa394e43874960f262e7d97,
        type: 3}
      propertyPath: m_LocalPosition.z
      value: 5
      objectReference: {fileID: 0}
    - target: {fileID: 7499089824545866580, guid: 92812ac54aa394e43874960f262e7d97,
        type: 3}
      propertyPath: m_LocalRotation.x
      value: -0
      objectReference: {fileID: 0}
    - target: {fileID: 7499089824545866580, guid: 92812ac54aa394e43874960f262e7d97,
        type: 3}
      propertyPath: m_LocalRotation.y
      value: 0.70710677
      objectReference: {fileID: 0}
    - target: {fileID: 7499089824545866580, guid: 92812ac54aa394e43874960f262e7d97,
        type: 3}
      propertyPath: m_LocalRotation.z
      value: -0
      objectReference: {fileID: 0}
    - target: {fileID: 7499089824545866580, guid: 92812ac54aa394e43874960f262e7d97,
        type: 3}
      propertyPath: m_LocalRotation.w
      value: 0.7071069
      objectReference: {fileID: 0}
    - target: {fileID: 7499089824545866580, guid: 92812ac54aa394e43874960f262e7d97,
        type: 3}
      propertyPath: m_RootOrder
      value: 2
      objectReference: {fileID: 0}
    - target: {fileID: 7499089824545866580, guid: 92812ac54aa394e43874960f262e7d97,
        type: 3}
      propertyPath: m_LocalEulerAnglesHint.x
      value: 0
      objectReference: {fileID: 0}
    - target: {fileID: 7499089824545866580, guid: 92812ac54aa394e43874960f262e7d97,
        type: 3}
      propertyPath: m_LocalEulerAnglesHint.y
      value: 90.00001
      objectReference: {fileID: 0}
    - target: {fileID: 7499089824545866580, guid: 92812ac54aa394e43874960f262e7d97,
        type: 3}
      propertyPath: m_LocalEulerAnglesHint.z
      value: 0
      objectReference: {fileID: 0}
    m_RemovedComponents: []
  m_SourcePrefab: {fileID: 100100000, guid: 92812ac54aa394e43874960f262e7d97, type: 3}
--- !u!4 &973900546466239193 stripped
Transform:
  m_CorrespondingSourceObject: {fileID: 7499089824545866580, guid: 92812ac54aa394e43874960f262e7d97,
    type: 3}
  m_PrefabInstance: {fileID: 7318880551948013965}
  m_PrefabAsset: {fileID: 0}
--- !u!1001 &7363569357215718338
PrefabInstance:
  m_ObjectHideFlags: 0
  serializedVersion: 2
  m_Modification:
    m_TransformParent: {fileID: 1601396568}
    m_Modifications:
    - target: {fileID: 7499089824545866571, guid: 2223740fcac165a41909013dd8e84dd1,
        type: 3}
      propertyPath: m_Name
      value: Slot_10
      objectReference: {fileID: 0}
    - target: {fileID: 7499089824545866580, guid: 2223740fcac165a41909013dd8e84dd1,
        type: 3}
      propertyPath: m_LocalPosition.x
      value: -5
      objectReference: {fileID: 0}
    - target: {fileID: 7499089824545866580, guid: 2223740fcac165a41909013dd8e84dd1,
        type: 3}
      propertyPath: m_LocalPosition.y
      value: 0
      objectReference: {fileID: 0}
    - target: {fileID: 7499089824545866580, guid: 2223740fcac165a41909013dd8e84dd1,
        type: 3}
      propertyPath: m_LocalPosition.z
      value: 5
      objectReference: {fileID: 0}
    - target: {fileID: 7499089824545866580, guid: 2223740fcac165a41909013dd8e84dd1,
        type: 3}
      propertyPath: m_LocalRotation.x
      value: -0
      objectReference: {fileID: 0}
    - target: {fileID: 7499089824545866580, guid: 2223740fcac165a41909013dd8e84dd1,
        type: 3}
      propertyPath: m_LocalRotation.y
      value: -0.0000004768371
      objectReference: {fileID: 0}
    - target: {fileID: 7499089824545866580, guid: 2223740fcac165a41909013dd8e84dd1,
        type: 3}
      propertyPath: m_LocalRotation.z
      value: -0
      objectReference: {fileID: 0}
    - target: {fileID: 7499089824545866580, guid: 2223740fcac165a41909013dd8e84dd1,
        type: 3}
      propertyPath: m_LocalRotation.w
      value: 1
      objectReference: {fileID: 0}
    - target: {fileID: 7499089824545866580, guid: 2223740fcac165a41909013dd8e84dd1,
        type: 3}
      propertyPath: m_RootOrder
      value: 0
      objectReference: {fileID: 0}
    - target: {fileID: 7499089824545866580, guid: 2223740fcac165a41909013dd8e84dd1,
        type: 3}
      propertyPath: m_LocalEulerAnglesHint.x
      value: 0
      objectReference: {fileID: 0}
    - target: {fileID: 7499089824545866580, guid: 2223740fcac165a41909013dd8e84dd1,
        type: 3}
      propertyPath: m_LocalEulerAnglesHint.y
      value: 0
      objectReference: {fileID: 0}
    - target: {fileID: 7499089824545866580, guid: 2223740fcac165a41909013dd8e84dd1,
        type: 3}
      propertyPath: m_LocalEulerAnglesHint.z
      value: 0
      objectReference: {fileID: 0}
    m_RemovedComponents: []
  m_SourcePrefab: {fileID: 100100000, guid: 2223740fcac165a41909013dd8e84dd1, type: 3}
--- !u!4 &1018580045796923542 stripped
Transform:
  m_CorrespondingSourceObject: {fileID: 7499089824545866580, guid: 2223740fcac165a41909013dd8e84dd1,
    type: 3}
  m_PrefabInstance: {fileID: 7363569357215718338}
  m_PrefabAsset: {fileID: 0}
--- !u!1001 &7664308215693443147
PrefabInstance:
  m_ObjectHideFlags: 0
  serializedVersion: 2
  m_Modification:
    m_TransformParent: {fileID: 1601396568}
    m_Modifications:
    - target: {fileID: 7499089824545866571, guid: 92812ac54aa394e43874960f262e7d97,
        type: 3}
      propertyPath: m_Name
      value: Slot_00 (2)
      objectReference: {fileID: 0}
    - target: {fileID: 7499089824545866580, guid: 92812ac54aa394e43874960f262e7d97,
        type: 3}
      propertyPath: m_LocalPosition.x
      value: 5
      objectReference: {fileID: 0}
    - target: {fileID: 7499089824545866580, guid: 92812ac54aa394e43874960f262e7d97,
        type: 3}
      propertyPath: m_LocalPosition.y
      value: 0
      objectReference: {fileID: 0}
    - target: {fileID: 7499089824545866580, guid: 92812ac54aa394e43874960f262e7d97,
        type: 3}
      propertyPath: m_LocalPosition.z
      value: -5
      objectReference: {fileID: 0}
    - target: {fileID: 7499089824545866580, guid: 92812ac54aa394e43874960f262e7d97,
        type: 3}
      propertyPath: m_LocalRotation.x
      value: -0
      objectReference: {fileID: 0}
    - target: {fileID: 7499089824545866580, guid: 92812ac54aa394e43874960f262e7d97,
        type: 3}
      propertyPath: m_LocalRotation.y
      value: -1
      objectReference: {fileID: 0}
    - target: {fileID: 7499089824545866580, guid: 92812ac54aa394e43874960f262e7d97,
        type: 3}
      propertyPath: m_LocalRotation.z
      value: -0
      objectReference: {fileID: 0}
    - target: {fileID: 7499089824545866580, guid: 92812ac54aa394e43874960f262e7d97,
        type: 3}
      propertyPath: m_LocalRotation.w
      value: 0.0000004768371
      objectReference: {fileID: 0}
    - target: {fileID: 7499089824545866580, guid: 92812ac54aa394e43874960f262e7d97,
        type: 3}
      propertyPath: m_RootOrder
      value: 1
      objectReference: {fileID: 0}
    - target: {fileID: 7499089824545866580, guid: 92812ac54aa394e43874960f262e7d97,
        type: 3}
      propertyPath: m_LocalEulerAnglesHint.x
      value: 0
      objectReference: {fileID: 0}
    - target: {fileID: 7499089824545866580, guid: 92812ac54aa394e43874960f262e7d97,
        type: 3}
      propertyPath: m_LocalEulerAnglesHint.y
      value: -180.00002
      objectReference: {fileID: 0}
    - target: {fileID: 7499089824545866580, guid: 92812ac54aa394e43874960f262e7d97,
        type: 3}
      propertyPath: m_LocalEulerAnglesHint.z
      value: 0
      objectReference: {fileID: 0}
    m_RemovedComponents: []
  m_SourcePrefab: {fileID: 100100000, guid: 92812ac54aa394e43874960f262e7d97, type: 3}
--- !u!4 &166362438710166303 stripped
Transform:
  m_CorrespondingSourceObject: {fileID: 7499089824545866580, guid: 92812ac54aa394e43874960f262e7d97,
    type: 3}
  m_PrefabInstance: {fileID: 7664308215693443147}
  m_PrefabAsset: {fileID: 0}
